<?xml version="1.0" encoding="UTF-8"?><collection xmlns="http://www.loc.gov/MARC21/slim"><record><leader>00363nam--2200121-i-4500</leader><controlfield tag="001">000039576</controlfield><controlfield tag="002">20161230</controlfield><controlfield tag="005">20161230201042</controlfield><controlfield tag="008">060222s1000------------r-----000-0-eng-d</controlfield><datafield ind1=" " ind2=" " tag="100"><subfield code="a">Rose, J</subfield></datafield><datafield ind1=" " ind2=" " tag="245"><subfield code="a">Dynamical physics chemistry. a textbook of thermodynamics, equilibria and kinetics</subfield></datafield><datafield ind1=" " ind2=" " tag="260"><subfield code="a">London, Isaac Pitman &amp; Sons, Ltd., 1961, Xii + 1218p</subfield></datafield><datafield ind1=" " ind2=" " tag="852"><subfield code="a">17693</subfield></datafield></record></collection>